@article{SzemerediTrotter83,
    title={Extremal Problems in Discrete Geometry},
    author={Szemerédi, Endre and Trotter Jr., William T.},
    journal={Combinatorica},
    volume={3},
    year={1983},
    pages={381-392}
}

@article{SzekelyPaper,
    title={Crossing Numbers and Hard Erdős Problems in Discrete Geometry},
    author={Székely, László A.},
    journal={Combinatorics, Probability and Computing},
    volume={6},
    number={3},
    year={1997},
    pages={353--358}
}

@article{GuthKatz,
  title={On the Erdős distinct distances problem in the plane},
  author={Guth, Larry and Katz, Nets Hawk},
  journal={Annals of Mathematics},
  volume={181},
  number={1},
  pages={155--190},
  year={2015},
  publisher={Mathematical Sciences Publishers}
}

@article{KatzTardos,
    title={A new entropy inequality for the Erd\H{o}s distance problem},
    author={Katz, Nets Hawk and Tardos, G\'{a}bor},
    journal={Contemporary Mathematics},
    volume={342},
    year={2004},
    doi = {http://dx.doi.org/10.1090/conm/342/06136}}

@article{Erdos46,
    title={On Sets of Distances of $n$ Points},
    author={Erdős, Paul},
    journal={The American Mathematical Monthly},
    volume={53},
    number={5},
    year={1946},
    pages={248--250}
}

@article{Moser52,
    title={On the Different Distances Determined by $n$ Points},
    author={Moser, Leo},
    journal={The American Mathematical Monthly},
    volume={59},
    number={2},
    year={1952},
    pages={85-91},
    doi = {10.1080/00029890.1952.11988075}
}

@book{thebook,
    title={The Erdős Distance Problem},
    author={Garibaldi, Julia and Iosevich, Alex and Senger, Steven},
    year={2010},
    publisher={American Mathematical Society}
}

@book{NumberTheory,
    title={Topics in Number Theory},
    author={LeVeque, William J.},
    publisher={Dover Publications},
    year={2002},
    address={Mineola, New York},
    volume={I and II}
}

@article{Beck,
    author={Beck, József},
    title={On the Lattice Property of the Plane and Some Problems of Dirac, Motzkin and Erdős in Combinatorial Geometry},
    journal={Combinatorica},
    volume={3},
    year={1983},
    pages={281-297},
    doi = {10.1007/BF02579184}
}

@article{Solymosi,
    author={Solymosi, J. and Tóth, Cs. D.},
    title={Distinct Distances in the Plane},
    journal={Discrete Computational Geometry},
    volume={25},
    year={2001},
    pages={629-634},
    doi = {10.1007/s00454-001-0009-z}
}

@article{Solymosi2,
    author={Solymosi, József and Tardos, Gábor and Tóth, Csaba D.},
    title={The $k$ Most Frequent Distances in the Plane},
    journal={Discrete Computational Geometry},
    volume={28},
    year={2002},
    pages={639-648},
doi = {10.1007/s00454-002-2896-z}
}

@misc{2148138,
    title        = {Proving Holder's Inequality for Sums},
    author       = {soap},
    howpublished = {Mathematics Stack Exchange},
    note         = {Available online: \url{https://math.stackexchange.com/q/2148138} (accessed on 17 February 2017)},
    url          = {https://math.stackexchange.com/q/2148138}
}
